23700000         259981829000165000000000000000194180204270000000677760  RODOBENS S A                 BRADESCO S/A                            22709202403194500363403001600                                                   CSP   19418       
23736341E0440030 259981829000165000000000000000194180204270000000677760  RODOBENS S A                                                         26092024000000000001584203CFBRL03634                                                              
2370002300001E   259981829000165000000000000000194180204270000000677760  RODOBENS S A                 DES: TRANSOCEANIC A. DE V. 26/0         26092024000000000000026265D1203205TRANSFERENCIA PIX        00000000000008031844                   
2370003300002E   259981829000165000000000000000194180204270000000677760  RODOBENS S A                 DES: TRANSOCEANIC A. DE V. 26/0         26092024000000000000171600D1203205TRANSFERENCIA PIX        00000000000008031844                   
2370004300003E   259981829000165000000000000000194180204270000000677760  RODOBENS S A                 DES: RODOBENS S.A          26/0         26092024000000000000100000D1203205TRANSFERENCIA PIX        00000000000008141927                   
23700055         259981829000165000000000000000194180204270000000677760  RODOBENS S A                     00000000000000000000000000000000000026092024000000000001286338CP000005000000000000297865000000000000000000                            
23799999         000005000007000001                                                                                                                                                                                                             
